% Encoding: UTF-8

@Misc{wiki:sentiment,
  author = {{Wikipedia contributors}},
  title  = {Sentiment analysis --- {Wikipedia}{,} The Free Encyclopedia},
  year   = {2018},
  note   = {[Online; accessed 25-August-2018]},
  url    = {https://en.wikipedia.org/w/index.php?title=Sentiment_analysis&oldid=854377022},
}

@Misc{AAAI_Digital_Library,
  title = {Exploring Attitude and Affect in text: Theories and applications},
  note  = {This not a own source, but several papers can be found on this site},
  url   = {https://www.aaai.org/Library/Symposia/Spring/ss04-07.php},
}

@Comment{jabref-meta: databaseType:bibtex;}
